@inproceedings{dovganich2016ridge,
  title={Ridge-based method for pemphigus diagnosis on immunofluorescence images},
  author={Dovganich, A. and Pchelintsev, Y. and Nasonov, A. and Krylov, A. and Makhneva, N.},
  booktitle={26th International Conference (GraphiCon2016), Nizhny Novgorod, Russia},
  pages={1--5},
  year={2016},
  authorconf = {true},
}
authorscopus = {true},
authorvak = {true},
authorconf = {true},



X-ray hardness
@article{dovganich2022automatic,
  title={Automatic out-of-distribution detection methods for improving the deep learning classification of pulmonary {X}-ray images},
  author={Dovganich, A. and Khvostikov, A. and Pchelintsev, Y. and Krylov, A. and Ding, Y. and Farias, M.},
  journal={Journal of Image and Graphics},
  volume={10},
  number={2},
  pages={56--63},
  year={2022},
  publisher={University of Portsmouth},
  authorscopus = {true},

}
note={Импакт-фактор Scopus: 0.1},

@article{pchelintsev2023hardness,
  title={Hardness Analysis of {X}-Ray Images for Neural-Network Tuberculosis Diagnosis},
  author={Pchelintsev, Ya A and Khvostikov, A V and Krylov, A S and Parolina, L E and Nikoforova, N A and Shepeleva, L P and Prokop’ev, E S and Farias, M and Yong, Ding},
  journal={Computational Mathematics and Modeling},
  volume={33},
  number={2},
  pages={230--243},
  year={2023},
  publisher={Springer},
  authorscopus = {true},
}
note={Импакт-фактор Scopus: 0.1},




Blinking
32
@inproceedings{pchelintsev2019enhancement,
  title={Enhancement algorithms for blinking fluorescence imaging},
  author={Pchelintsev, Yakov and Nasonov, Andrey and Krylov, Andrey and Enoki, Sawako and Okada, Yasushi},
  booktitle={Proceedings of the 2019 4th International Conference on Biomedical Imaging, Signal Processing (ICBSP)},
  pages={72--77},
  year={2019},
  authorscopus = {true}
}

@inproceedings{10.1145/3366174.3366183,
author = {Pchelintsev, Yakov and Nasonov, Andrey and Krylov, Andrey and Enoki, Sawako and Okada, Yasushi},
title = {Enhancement Algorithms for Blinking Fluorescence Imaging},
year = {2020},
publisher = {Association for Computing Machinery},
address = {New York, NY, USA},
booktitle = {Proceedings of the 2019 4th International Conference on Biomedical Imaging, Signal Processing},
pages = {72–77},
location = {Nagoya, Japan},
series = {ICBSP '19},
authorscopus = {true}
}

36
@inproceedings{krylov2017single,
  title={Single parameter post-processing method for image deblurring},
  author={Krylov, Andrey and Nasonov, Andrey and Pchelintsev, Yakov},
  booktitle={Proceedings of the 2017 7th International Conference on Image Processing Theory, Tools and Applications (IPTA)},
  pages={1--6},
  year={2017},
  authorscopus = {true}
}

37
@inproceedings{krylovpost,
  title={A post-processing method for {3D} fluorescence microscopy images},
  author={Krylov, Andrey and Nasonov, Andrey and Pchelintsev, Yakov and Nasonova, Alexandra},
  pages={602--606},
  booktitle={Proceedings of the International Conference on Pattern Recognition and Artificial Intelligence},
  year={2018}
}

@inproceedings{krylov2018grid171613482,
	author = {Nasonov, A. and Pchelintsev, Y. and Krylov, A.},
	title = {Grid Warping Postprocessing for Linear Motion Blur in Images},
	booktitle = {Proceedings of the 2018 7th European Workshop on Visual Information Processing (EUVIP)},
	year = {2018},
	pages = {1--5},
}

@article{krylov2021regularization386034310,
	author = {Pchelintsev, I. A. and Nasonov, A. V. and Krylov, A. S.},
	title = {Regularization Methods in the Analysis of a Series of Scintillation Fluorescence Microscopy Images},
	journal = {Computational Mathematics and Modeling},
	year = {2021},
	volume = {32},
	number = {2},
	pages = {111--119},
    publisher={Springer}
}

