Warping
1
nasonov2016convolutional

2
choi2015super

3
sun2008image

4
zhou2012image

5
krylov2009edge

6
dong2014learning

7
dong2015image

8
kumar2016fast

9
freeman2002example

10
yang2010image

11
zeyde2012single

12
krizhevsky2009learning

13
bell1996edges

14
shlens2014tutorial

15
almeida2013parameter

16
oliveira2009adaptive

17
babacan2008variational

18
10.5555/130247

19
krylov2009adaptive

20
arad1999enhancement

21
krylov2014gridwarping

22
nasonova2014deblurred

23
@inproceedings{gusev2016parallel,
  title={Parallel implementation of image sharpening method using grid warping},
  author={Gusev, AD and Nasonov, AV and Krylov, AS},
  booktitle={Proceedings of the 26th International Conference on Computer Graphics and Vision, GraphiCon 2016},
  pages={294--297},
  year={2016}
}

24
@article{simpkins2014parameterized,
  title={Parameterized modeling of spatially varying optical blur},
  author={Simpkins, Jonathan and Stevenson, Robert L},
  journal={Journal of Electronic Imaging},
  volume={23},
  number={1},
  pages={013005--013005},
  year={2014},
  publisher={Society of Photo-Optical Instrumentation Engineers}
}

25
@phdthesis{simpkins2011modeling2,
  title={Modeling and estimation of spatially-varying point-spread functions due to lens aberrations and defocus},
  author={Simpkins, Jonathan},
  year={2011},
  school={University Of Notre Dame}
}

@book{simpkins2011modeling,
  title={Modeling and estimation of spatially-varying point-spread functions due to lens aberrations and defocus},
  author={Simpkins, Jonathan},
  year={2011},
  publisher={PhD thesis, University Of Notre Dame},
  pagetotal={131}
}

@article{ponomarenko2009tid2008,
  title={{TID2008} - a database for evaluation of full-reference visual quality assessment metrics},
  author={Ponomarenko, Nikolay and Lukin, Vladimir and Zelensky, Alexander and Egiazarian, Karen and Carli, Marco and Battisti, Federica},
  journal={Advances of modern radioelectronics},
  volume={10},
  number={4},
  pages={30--45},
  year={2009}
}

@article{ponomarenko2015image,
  title={Image database {TID2013}: peculiarities, results and perspectives},
  author={Ponomarenko, Nikolay and Jin, Lina and Ieremeiev, Oleg and Lukin, Vladimir and Egiazarian, Karen and Astola, Jaakko and Vozel, Benoit and Chehdi, Kacem and Carli, Marco and Battisti, Federica and {Jay Kuo}, C.-C.},
  journal={Signal processing: Image communication},
  volume={30},
  pages={57--77},
  year={2015},
  publisher={Elsevier}
}


@article{canny1986computational,
  title={A computational approach to edge detection},
  author={Canny, John},
  journal={IEEE Transactions on Pattern Analysis and Machine Intelligence},
  number={6},
  pages={679--698},
  year={1986},
  publisher={IEEE}
}

@article{10.1093/comjnl/7.4.308,
    author = {Nelder, J. A. and Mead, R.},
    title = {A simplex method for function minimization},
    journal = {The Computer Journal},
    volume = {7},
    number = {4},
    pages = {308-313},
    year = {1965},
    _month = {01}
}

@article{CLARK2018927,
	title = {Effect of image sharpening on radiographic image quality},
	journal = {The Journal of Prosthetic Dentistry},
	volume = {120},
	number = {6},
	pages = {927-933},
	year = {2018},
	author = {Jefferson L. Clark and Chandur P. Wadhwani and Kenneth Abramovitch and Dwight D. Rice and Mathew T. Kattadiyil},
}

@Article{Nakajima2023,
	author={Nakajima, Kosuke
	and Inoue, Makoto
	and Mizuno, Masaharu
	and Koto, Takashi
	and Ishida, Tomoka
	and Ozawa, Hitomi
	and Oshika, Tetsuro},
	title={Effects of image-sharpening algorithm on surgical field visibility during {3D} heads-up surgery for vitreoretinal diseases},
	journal={Scientific Reports},
	year={2023},
	volume={13},
	number={1},
	pages={2758},
}

@article{wang2014recent,
	title={Recent progress in image deblurring},
	author={Wang, Ruxin and Tao, Dacheng},
	journal={arXiv preprint arXiv:1409.6838},
	year={2014}
}

@article{SU202246,
	title = {A survey of deep learning approaches to image restoration},
	journal = {Neurocomputing},
	volume = {487},
	pages = {46-65},
	year = {2022},
	author = {Jingwen Su and Boyan Xu and Hujun Yin},
}

@Article{Zhang2022,
	author={Zhang, Kaihao
	and Ren, Wenqi
	and Luo, Wenhan
	and Lai, Wei-Sheng
	and Stenger, Bj{\"o}rn
	and Yang, Ming-Hsuan
	and Li, Hongdong},
	title={Deep image deblurring: a survey},
	journal={International Journal of Computer Vision},
	year={2022},
	volume={130},
	number={9},
	pages={2103-2130},
}

@ARTICLE{6583957,
	author={Zhu, Xiang and Cohen, Scott and Schiller, Stephen and Milanfar, Peyman},
	journal={IEEE Transactions on Image Processing}, 
	title={Estimating spatially varying defocus blur from a single image}, 
	year={2013},
	volume={22},
	number={12},
	pages={4879-4891}
}

@ARTICLE{7589980,
	author={Liu, Shaojun and Zhou, Fei and Liao, Qingmin},
	journal={IEEE Transactions on Image Processing}, 
	title={Defocus map estimation from a single image based on two-parameter defocus model}, 
	year={2016},
	volume={25},
	number={12},
	pages={5943-5956}
}

@InProceedings{Lee_2019_CVPR,
	author = {Lee, Junyong and Lee, Sungkil and Cho, Sunghyun and Lee, Seungyong},
	title = {Deep defocus map estimation using domain adaptation},
	booktitle = {Proceedings of the IEEE/CVF Conference on Computer Vision and Pattern Recognition (CVPR)},
	year = {2019}
}

@Article{isprs-archives-XLII-2-W12-161-2019,
	AUTHOR = {Nasonov, A. and Krylov, A. and Lyukov, D.},
	TITLE = {Image sharpening with blur map estimation using convolutional neural network},
	JOURNAL = {The International Archives of the Photogrammetry, Remote Sensing and Spatial Information Sciences},
	VOLUME = {XLII-2/W12},
	YEAR = {2019},
	PAGES = {161--166}
}

@article{Miks:19,
	author = {Anton\'{i}n Mik\v{s} and Ji\v{r}\'{i} Nov\'{a}k},
	journal = {Applied Optics},
	number = {21},
	pages = {5823--5829},
	publisher = {Optica Publishing Group},
	title = {Point spread function of an optical system with defocus and spherical aberration\&\#x2014;analytical formulas},
	volume = {58},
	year = {2019},
}








Blinking
1
@inproceedings{nasonov2016convolutional,
  title={Convolutional neural networks based image resampling with noisy training set},
  author={Nasonov, Andrey and Chesnakov, Konstantin and Krylov, Andrey},
  booktitle={2016 IEEE 13th International Conference on Signal Processing (ICSP)},
  pages={62--66},
  year={2016},
  organization={IEEE}
}

2
@article{choi2015super,
  title={Super-interpolation with edge-orientation-based mapping kernels for low complex $2\times$ upscaling},
  author={Choi, Jae-Seok and Kim, Munchurl},
  journal={IEEE Transactions on Image Processing},
  volume={25},
  number={1},
  pages={469--483},
  year={2015},
  publisher={IEEE}
}

3
@inproceedings{sun2008image,
  title={Image super-resolution using gradient profile prior},
  author={Sun, Jian and Xu, Zongben and Shum, Heung-Yeung},
  booktitle={2008 IEEE conference on Computer Vision and Pattern Recognition},
  pages={1--8},
  year={2008},
  organization={IEEE}
}

4
@article{zhou2012image,
  title={Image zooming using directional cubic convolution interpolation},
  author={Zhou, Dengwen and Shen, Xiaoliu and Dong, Weiming},
  journal={IET Image Processing},
  volume={6},
  number={6},
  pages={627--634},
  year={2012},
  publisher={IET}
}

5
@inproceedings{krylov2009edge,
  title={Edge-preserving nonlinear iterative image resampling method},
  author={Krylov, Andrey S and Lukin, Alexey S and Nasonov, Andrey V},
  booktitle={2009 16th IEEE International Conference on Image Processing (ICIP)},
  pages={385--388},
  year={2009},
  organization={IEEE}
}

6
@inproceedings{dong2014learning,
  title={Learning a deep convolutional network for image super-resolution},
  author={Dong, Chao and Loy, Chen Change and He, Kaiming and Tang, Xiaoou},
  booktitle={2014 13th European Conference on Computer Vision (ECCV)},
  pages={184--199},
  year={2014},
  organization={Springer}
}

7
@article{dong2015image,
  title={Image super-resolution using deep convolutional networks},
  author={Dong, Chao and Loy, Chen Change and He, Kaiming and Tang, Xiaoou},
  journal={IEEE Transactions on Pattern Analysis and Machine Intelligence},
  volume={38},
  number={2},
  pages={295--307},
  year={2015},
  publisher={IEEE}
}

8
@article{kumar2016fast,
  title={Fast learning-based single image super-resolution},
  author={Kumar, Neeraj and Sethi, Amit},
  journal={IEEE Transactions on Multimedia},
  volume={18},
  number={8},
  pages={1504--1515},
  year={2016},
  publisher={IEEE}
}

9
@article{freeman2002example,
  title={Example-based super-resolution},
  author={Freeman, William T and Jones, Thouis R and Pasztor, Egon C},
  journal={IEEE Computer graphics and Applications},
  volume={22},
  number={2},
  pages={56--65},
  year={2002},
  publisher={IEEE}
}

10
@article{yang2010image,
  title={Image super-resolution via sparse representation},
  author={Yang, Jianchao and Wright, John and Huang, Thomas S and Ma, Yi},
  journal={IEEE Transactions on Image Processing},
  volume={19},
  number={11},
  pages={2861--2873},
  year={2010},
  publisher={IEEE}
}

11
@inproceedings{zeyde2012single,
  title={On single image scale-up using sparse-representations},
  author={Zeyde, Roman and Elad, Michael and Protter, Matan},
  booktitle={Curves and Surfaces: 7th International Conference},
  pages={711--730},
  year={2012},
  organization={Springer}
}

12
@book{krizhevsky2009learning,
  title={Learning multiple layers of features from tiny images},
  author={Krizhevsky, A},
  journal={Master's thesis, University of Toronto},
  year={2009},
  pagetotal={}
}

@mastersthesis{krizhevsky2009learning2,
  title={Learning multiple layers of features from tiny images},
  author={Krizhevsky, A},
  school={University of Toronto},
  year={2009}
}

13
@article{bell1996edges,
  title={Edges are the 'independent components' of natural scenes},
  author={Bell, Anthony and Sejnowski, Terrence J},
  journal={Advances in neural information processing systems},
  volume={9},
  year={1996},
  pages={831--837}
}

14
@article{shlens2014tutorial,
  title={A tutorial on principal component analysis},
  author={Shlens, Jonathon},
  journal={arXiv preprint arXiv:1404.1100},
  year={2014}
}

15
@article{almeida2013parameter,
  title={Parameter estimation for blind and non-blind deblurring using residual whiteness measures},
  author={Almeida, Mariana SC and Figueiredo, M{\'a}rio AT},
  journal={IEEE Transactions on Image Processing},
  volume={22},
  number={7},
  pages={2751--2763},
  year={2013},
  publisher={IEEE}
}

16
@article{oliveira2009adaptive,
  title={Adaptive total variation image deblurring: a majorization--minimization approach},
  author={Oliveira, Joao P and Bioucas-Dias, Jos{\'e} M and Figueiredo, M{\'a}rio AT},
  journal={Signal processing},
  volume={89},
  number={9},
  pages={1683--1693},
  year={2009},
  publisher={Elsevier}
}

17
@article{babacan2008variational,
  title={Variational {Bayesian} blind deconvolution using a total variation prior},
  author={Babacan, S Derin and Molina, Rafael and Katsaggelos, Aggelos K},
  journal={IEEE Transactions on Image Processing},
  volume={18},
  number={1},
  pages={12--26},
  year={2008},
  publisher={IEEE}
}

18
@book{10.5555/130247,
author = {Lim, Jae S.},
title = {Two-dimensional signal and image processing},
year = {1990},
publisher = {Englewood Cliffs: Prentice-Hall, Inc.},
pagetotal={710}
}

19
@inproceedings{krylov2009adaptive,
  title={Adaptive image deblurring with ringing control},
  author={Krylov, Andrey S and Nasonov, Andrey V},
  booktitle={2009 fifth international conference on image and graphics},
  pages={72--75},
  year={2009},
  organization={IEEE}
}

20
@article{arad1999enhancement,
  title={Enhancement by image-dependent warping},
  author={Arad, Nur and Gotsman, Craig},
  journal={IEEE Transactions on Image Processing},
  volume={8},
  number={8},
  pages={1063--1074},
  year={1999},
  publisher={IEEE}
}

21
@inproceedings{krylov2014gridwarping,
  title={Grid warping for image sharpening using one-dimensional approach},
  author={Krylov, Andrey and Nasonova, Alexandra and Nasonov, Andrey},
  booktitle={2014 12th International Conference on Signal Processing (ICSP)},
  pages={672--677},
  year={2014},
  organization={IEEE}
}

22
@article{nasonova2014deblurred,
  title={Deblurred images post-processing by {Poisson} warping},
  author={Nasonova, Alexandra and Krylov, Andrey},
  journal={IEEE Signal Processing Letters},
  volume={22},
  number={4},
  pages={417--420},
  year={2015},
  publisher={IEEE}
}

23
@article{betzig2006imaging,
  title={Imaging intracellular fluorescent proteins at nanometer resolution},
  author={Betzig, Eric and Patterson, George H and Sougrat, Rachid and Lindwasser, O Wolf and Olenych, Scott and Bonifacino, Juan S and Davidson, Michael W and Lippincott-Schwartz, Jennifer and Hess, Harald F},
  journal={Science},
  volume={313},
  number={5793},
  pages={1642--1645},
  year={2006},
  publisher={American Association for the Advancement of Science}
}

24
@article{dertinger2009fast,
  title={Fast, background-free, {3D} super-resolution optical fluctuation imaging ({SOFI})},
  author={Dertinger, Thomas and Colyer, Ryan and Iyer, Gopal and Weiss, Shimon and Enderlein, J{\"o}rg},
  journal={Proceedings of the National Academy of Sciences},
  volume={106},
  number={52},
  pages={22287--22292},
  year={2009},
  publisher={National Acad Sciences}
}

25
@article{cox2012bayesian,
  title={Bayesian localization microscopy reveals nanoscale podosome dynamics},
  author={Cox, Susan and Rosten, Edward and Monypenny, James and Jovanovic-Talisman, Tijana and Burnette, Dylan T and Lippincott-Schwartz, Jennifer and Jones, Gareth E and Heintzmann, Rainer},
  journal={Nature methods},
  volume={9},
  number={2},
  pages={195--200},
  year={2012},
  publisher={Nature Publishing Group US New York}
}

26
@article{weisshart2014basic,
  title={The basic principle of {Airyscanning}},
  author={Weisshart, Klaus},
  journal={Zeiss Technology Note},
  _volume={22},
  year={2014}
}

27
@article{sheppard2013superresolution,
  title={Superresolution by image scanning microscopy using pixel reassignment},
  author={Sheppard, Colin JR and Mehta, Shalin B and Heintzmann, Rainer},
  journal={Optics letters},
  volume={38},
  number={15},
  pages={2889--2892},
  year={2013},
  publisher={Optica Publishing Group}
}

28
@article{мишин2019флуоресцентная,
  title={Флуоресцентная микроскопия сверхвысокого разрешения живых клеток},
  author={Мишин, АС and Лукьянов, КА},
  journal={Успехи биологической химии},
  volume={59},
  pages={39--66},
  year={2019}
}

29
@article{dertinger2010achieving,
  title={Achieving increased resolution and more pixels with Superresolution Optical Fluctuation Imaging {(SOFI)}},
  author={Dertinger, Thomas and Colyer, Ryan and Vogel, Robert and Enderlein, J{\"o}rg and Weiss, Shimon},
  journal={Optics express},
  volume={18},
  number={18},
  pages={18875--18885},
  year={2010},
  publisher={Optica Publishing Group}
}

30
@article{agarwal2016multiple,
  title={Multiple signal classification algorithm for super-resolution fluorescence microscopy},
  author={Agarwal, Krishna and Mach{\'a}{\v{n}}, Radek},
  journal={Nature communications},
  volume={7},
  number={1},
  pages={13752},
  year={2016},
  publisher={Nature Publishing Group UK London}
}

31
@article{schmidt1986multiple,
  title={Multiple emitter location and signal parameter estimation},
  author={Schmidt, Ralph},
  journal={IEEE transactions on antennas and propagation},
  volume={34},
  number={3},
  pages={276--280},
  year={1986},
  publisher={IEEE}
}

33
@article{gadsden1965some,
  title={Some statistical properties of pulses from photomultipliers},
  author={Gadsden, M},
  journal={Applied Optics},
  volume={4},
  number={11},
  pages={1446--1452},
  year={1965},
  publisher={Optica Publishing Group}
}

34
@book{bishop2006pattern,
  title={Pattern recognition and machine learning},
  author={Bishop, Christopher M},
  publisher={New York: Springer},
  year={2006},
  pagetotal={738}
}

35
@article{richardson1972bayesian,
  title={{Bayesian}-based iterative method of image restoration},
  author={Richardson, William Hadley},
  journal={JoSA},
  volume={62},
  number={1},
  pages={55--59},
  year={1972},
  publisher={Optica Publishing Group}
}

@article{uno2014spontaneously,
  title={A spontaneously blinking fluorophore based on intramolecular spirocyclization for live-cell super-resolution imaging},
  author={Uno, Shin-nosuke and Kamiya, Mako and Yoshihara, Toshitada and Sugawara, Ko and Okabe, Kohki and Tarhan, Mehmet C and Fujita, Hiroyuki and Funatsu, Takashi and Okada, Yasushi and Tobita, Seiji and Urano, Yasuteru},
  journal={Nature Chemistry},
  volume={6},
  number={8},
  pages={681--689},
  year={2014},
  publisher={Nature Publishing Group UK London}
}

@article{10.1371/journal.pone.0161602_,
    author = {Girsault, Arik AND Lukes, Tomas AND Sharipov, Azat AND Geissbuehler, Stefan AND Leutenegger, Marcel AND Vandenberg, Wim AND Dedecker, Peter AND Hofkens, Johan AND Lasser, Theo},
    journal = {PLOS ONE},
    publisher = {Public Library of Science},
    title = {{SOFI} Simulation Tool: a software package for simulating and testing super-resolution optical fluctuation imaging},
    year = {2016},
    _month = {09},
    volume = {11},
    pages = {1-13},
    number = {9}
}

@article{10.1371/journal.pone.0161602,
	author = {Girsault, Arik and Lukes, Tomas and Sharipov, Azat and Geissbuehler, Stefan and Leutenegger, Marcel and Vandenberg, Wim and Dedecker, Peter and Hofkens, Johan and Lasser, Theo},
	journal = {PLOS ONE},
	publisher = {Public Library of Science},
	title = {{SOFI} Simulation Tool: a software package for simulating and testing super-resolution optical fluctuation imaging},
	year = {2016},
	_month = {09},
	volume = {11},
	pages = {1-13},
	number = {9}
}

@ARTICLE{75086,
  author={Mendel, J.M.},
  journal={Proceedings of the IEEE},
  title={Tutorial on higher-order statistics (spectra) in signal processing and system theory: theoretical results and some applications},
  year={1991},
  volume={79},
  number={3},
  pages={278-305}
}

@article{Solomon:18,
author = {Oren Solomon and Maor Mutzafi and Mordechai Segev and Yonina C. Eldar},
journal = {Optics Express},
number = {14},
pages = {18238--18269},
publisher = {Optica Publishing Group},
title = {Sparsity-based super-resolution microscopy from correlation information},
volume = {26},
_month = {Jul},
year = {2018}
}

@article{Nehme:18,
author = {Elias Nehme and Lucien E. Weiss and Tomer Michaeli and Yoav Shechtman},
journal = {Optica},
number = {4},
pages = {458--464},
publisher = {Optica Publishing Group},
title = {{Deep-STORM}: super-resolution single-molecule microscopy by deep learning},
volume = {5},
_month = {Apr},
year = {2018}
}

@article{10.1093/bioinformatics/bty241,
    author = {Li, Yu and Xu, Fan and Zhang, Fa and Xu, Pingyong and Zhang, Mingshu and Fan, Ming and Li, Lihua and Gao, Xin and Han, Renmin},
    title = "{{DLBI}: deep learning guided {Bayesian} inference for structure reconstruction of super-resolution fluorescence microscopy}",
    journal = {Bioinformatics},
    volume = {34},
    number = {13},
    pages = {i284-i294},
    year = {2018},
    _month = {06}
}

@book{малахов1978кумулянтный,
  title={Кумулянтный анализ случайных негауссовых процессов и их преобразований},
  author={Малахов, Аскольд Николаевич},
  year={1978},
  publisher={М.: Советское радио},
  pagetotal={376}
}

@article{rust2006sub,
  title={Sub-diffraction-limit imaging by stochastic optical reconstruction microscopy ({STORM})},
  author={Rust, Michael J and Bates, Mark and Zhuang, Xiaowei},
  journal={Nature methods},
  volume={3},
  number={10},
  pages={793--796},
  year={2006},
  publisher={New York: Nature Publishing Group}
}

@article{477e7e2b-4ded-3369-981e-9b40850a2701,
 author = {A. P. Dempster and N. M. Laird and D. B. Rubin},
 journal = {Journal of the Royal Statistical Society. Series B (Methodological)},
 number = {1},
 pages = {1--38},
 publisher = {[Royal Statistical Society, Wiley]},
 title = {Maximum likelihood from incomplete data via the {EM} algorithm},
 volume = {39},
 year = {1977}
}

@BOOK{свешников2005теория,
  author = {Свешников, АГ and Тихонов, АН},
  title = {Теория функций комплексной переменной},
  edition = {{}6-е изд., стереот.},
  address = {М.},
  publisher = {Физматлит},
  year = {2005},
  numpages = {336},
  language = {russian}
}

@article{doi:10.1146/annurev.biochem.77.061906.092014,
	author = {Huang, Bo and Bates, Mark and Zhuang, Xiaowei},
	title = {Super-resolution fluorescence microscopy},
	journal = {Annual Review of Biochemistry},
	volume = {78},
	number = {1},
	pages = {993-1016},
	year = {2009}
}

@article{Leung:11,
	author = {Bonnie O. Leung and Keng C. Chou},
	journal = {Applied Spectroscopy},
	number = {9},
	pages = {967--980},
	publisher = {Optica Publishing Group},
	title = {Review of super-resolution fluorescence microscopy for biology},
	volume = {65},
	year = {2011}
}

@article{D1BM00676B,
	title = {Advances in super-resolution fluorescence microscopy for the study of nano–cell interactions},
	author = {Chen, Xi and Wang, Yu and Zhang, Xuewei and Liu, Changsheng},
	year = {2021},
	journal = {Biomaterials Science},
	publisher = {The Royal Society of Chemistry},
	volume = {9},
	pages = {5484--5496},
	issue = {16}
}

@article{10.1083/jcb.201002018,
	author = {Schermelleh, Lothar and Heintzmann, Rainer and Leonhardt, Heinrich},
	title = {A guide to super-resolution fluorescence microscopy},
	journal = {Journal of Cell Biology},
	volume = {190},
	number = {2},
	pages = {165-175},
	year = {2010}
}

@INPROCEEDINGS{9433976,
	author={Stergiopoulou, Vasiliki and de Morais Goulart, José Henrique and Schaub, Sébastien and Calatroni, Luca and Blanc-Féraud, Laure},
	booktitle={2021 IEEE 18th International Symposium on Biomedical Imaging (ISBI)}, 
	title={{COL0RME}: covariance-based l0 super-resolution microscopy with intensity estimation}, 
	year={2021},
	pages={349-352}
}

@article{Hell:94,
	title = {Breaking the diffraction resolution limit by stimulated emission: stimulated-emission-depletion fluorescence microscopy},
	author = {Stefan W. Hell and Jan Wichmann},
	year = {1994},
	journal = {Optics Letters},
	publisher = {Optica Publishing Group},
	volume = {19},
	number = {11},
	pages = {780--782}
}

@article{https://doi.org/10.1046/j.1365-2818.2000.00710.x,
	title = {Surpassing the lateral resolution limit by a factor of two using structured illumination microscopy},
	author = {Gustafsson, M. G. L.},
	year = {2000},
	journal = {Journal of Microscopy},
	volume = {198},
	number = {2},
	pages = {82--87}
}

@article{doi:10.1073/pnas.0406877102,
	title = {Nonlinear structured-illumination microscopy: Wide-field fluorescence imaging with theoretically unlimited resolution},
	author = {Mats G. L. Gustafsson},
	year = {2005},
	journal = {Proceedings of the National Academy of Sciences},
	volume = {102},
	number = {37},
	pages = {13081--13086}
}

@Article{Gustafsson2016,
	author={Gustafsson, Nils
	and Culley, Si{\^a}n
	and Ashdown, George
	and Owen, Dylan M.
	and Pereira, Pedro Matos
	and Henriques, Ricardo},
	title={Fast live-cell conventional fluorophore nanoscopy with {ImageJ} through super-resolution radial fluctuations},
	journal={Nature Communications},
	year={2016},
	volume={7},
	number={1},
	pages={12471},
}








Tuberculosis
@misc{rg2023,
url={https://rg.ru/2023/07/16/mihail-murashko-nachalos-shirokoe-vnedrenie-v-praktiku-programm-s-iskusstvennym-intellektom.html},
journal={Российская газета},
author  = {Невинная, Ирина},
 date    = {2023-07-16},
 title   = {{Михаил Мурашко}: {Началось} широкое внедрение в практику программ с искусственным интеллектом},
 urldate = {2023-08-08}
}

@article{рг2023,
 author  = {Невинная, Ирина},
 date    = {2023-07-16},
 title   = {{Михаил Мурашко}: {Началось} широкое внедрение в практику программ с искусственным интеллектом},
 journal = {Российская газета},
 url = {https://rg.ru/2023/07/16/mihail-murashko-nachalos-shirokoe-vnedrenie-v-praktiku-programm-s-iskusstvennym-intellektom.html},
 urldate = {2023-08-08}
}

@article{рбк2023,
 date    = {2023-08-07},
 title   = {Живым в помощь: как внедряются нейросети в российской медицине},
 journal = {РБК},
 url = {https://www.rbc.ru/economics/07/08/2023/64cb69909a79477320ae5ebe},
 urldate = {2023-08-08}
}

@article{интерфакс2023,
 date    = {2023-08-08},
 title   = {Программы с искусственным интеллектом внедряются в систему здравоохранения, они облегчают работу медиков -- {Мурашко}},
 journal = {Интерфакс-Россия},
 url = {https://www.interfax-russia.ru/volga/news/programmy-s-iskusstvennym-intellektom-vnedryayutsya-v-sistemu-zdravoohraneniya-oni-oblegchayut-rabotu-medikov-murashko},
 urldate = {2023-08-08}
}

@ARTICLE{СМ106054,
	author = {Бердутин, Виталий Анатольевич and Абаева, Ольга Петровна and Романова, Татьяна Евгеньевна and Романов, Сергей Владимирович},
	title = {Применение искусственного интеллекта в медицине: достижения и перспективы. {Обзор} литературы. {Часть} 1},
	journal = {Социология медицины},
        pages = {83--96},
	volume = {21},
	number = {1},
	year = {2023}
}

@article{finlayson2019adversarial,
  title={Adversarial attacks on medical machine learning},
  author={Finlayson, Samuel G and Bowers, John D and Ito, Joichi and Zittrain, Jonathan L and Beam, Andrew L and Kohane, Isaac S},
  journal={Science},
  volume={363},
  number={6433},
  pages={1287--1289},
  year={2019},
  publisher={American Association for the Advancement of Science}
}

@article{chuiko1982effects,
  title={Effects of {X}-ray hardness on fluorogram informativeness},
  author={Chuiko, GA and Tsvetkov, VM},
  journal={Biomedical Engineering},
  volume={16},
  number={4},
  pages={117--119},
  year={1982},
  publisher={Springer}
}

@book{тимофеева2013основные,
  title={Основные рентгенологические синдромы патологии легочной ткани: учеб. пособие},
  author={Тимофеева, Л А and Алешина, Т Н and Быкова, А В},
  publisher={Чебоксары: Изд-во Чуваш. ун-та},
  pagetotal={104},
  year={2013}
}

@book{сидоров2012методика,
  title={Методика анализа рентгенограмм: учебное пособие},
  author={ Сидоров, А И and Щербатых, А А and Покровская, Л Н},
  publisher={Иркутск: ИГМУ},
  journal={Под ред. Синькова А.В. ГБОУ ВПО ИГМУ Минздрава},
  pagetotal={22},
  year={2012}
}

@article{nousiainen2021automating,
  title={Automating chest radiograph imaging quality control},
  author={Nousiainen, Katri and M{\"a}kel{\"a}, Teemu and Piilonen, Anneli and Peltonen, Juha I},
  journal={Physica Medica},
  volume={83},
  pages={138--145},
  year={2021},
  publisher={Elsevier}
}

@inproceedings{von2020robust,
  title={Robust chest {X}-ray quality assessment using convolutional neural networks and atlas regularization},
  author={von Berg, Jens and Kr{\"o}nke, Sven and Goo{\ss}en, Andr{\'e} and Bystrov, Daniel and Br{\"u}ck, Matthias and Harder, Tim and Wieberneit, Nataly and Young, Stewart},
  booktitle={Medical Imaging 2020: Image Processing},
  volume={11313},
  pages={391--398},
  year={2020},
  organization={SPIE}
}

@article{jia2019application,
  title={Application value of convolutional neural network in quality control of direct digital chest {X}-ray images},
  author={Jia, Xiao-Qian and Zhang, Xiang-Li and Liu, Zhe and Zeng, Qiang and Zhao, Zhi-Fu and Li, Yan-Shou and Huang, Hong and Dong, A-Mei and Yang, Jian and Guo, Jian-Xin},
  journal={Journal of Xi'an Jiaotong University (Medical Sciences)},
  number={5},
  pages={784--788},
  year={2019},
  publisher={Xi'an Jiaotong University}
}

@article{sadre2021validating,
  title={Validating deep learning inference during chest {X}-ray classification for {COVID}-19 screening},
  author={Sadre, Robbie and Sundaram, Baskaran and Majumdar, Sharmila and Ushizima, Daniela},
  journal={Scientific reports},
  volume={11},
  number={1},
  pages={16075},
  year={2021},
  publisher={Nature Publishing Group UK London}
}

@book{васильева2022туберкулез,
  title={Клинические рекомендации <<{Туберкулез} у взрослых>>},
  _author={Васильева, Ирина Анатольевна and Баласанянц, Гоар Сисаковна and Борисов, Сергей Евгеньевич and Бурмистрова, ИА and Валиев, РШ and Кульчавеня, ЕВ and others},
  publisher={Министерство здравоохранения Российской федерации},
  url={https://cr.minzdrav.gov.ru/schema/16_2},
  pagetotal={151},
  year={2022},
 urldate = {2023-08-08}
}

@article{вишнякова2016частота,
  title={Частота и уровни облучения пациентов и населения {России} за счет лучевой диагностики с применением источников ионизирующего излучения},
  author={Вишнякова, НМ},
  journal={Радиационная гигиена},
  volume={3},
  number={3},
  pages={17--22},
  year={2016}
}

@article{kluthke2016additional,
  title={The additional value of the lateral chest radiograph for the detection of small pulmonary nodules -- a {ROC} analysis},
  author={Kluthke, Robin Alexander and Kickuth, Ralph and Bansmann, Paul Martin and T{\"u}shaus, Carolin and Adams, Stephan and Liermann, Dieter and Kirchner, Johannes},
  journal={The British journal of radiology},
  volume={89},
  number={1067},
  pages={20160394},
  year={2016},
  publisher={The British Institute of Radiology.}
}

@inproceedings{hashir2020quantifying,
  title={Quantifying the value of lateral views in deep learning for chest {X}-rays},
  author={Hashir, Mohammad and Bertrand, Hadrien and Cohen, Joseph Paul},
  booktitle={Medical Imaging with Deep Learning},
  pages={288--303},
  year={2020},
  organization={PMLR}
}

@article{oloko2022systematic,
  title={A systematic review of deep learning techniques for tuberculosis detection from chest radiograph},
  author={Oloko-Oba, Mustapha and Viriri, Serestina},
  journal={Frontiers in Medicine},
  volume={9},
  pages={830515},
  year={2022},
  publisher={Frontiers Media SA}
}

@article{jaeger2013automatic,
  title={Automatic tuberculosis screening using chest radiographs},
  author={Jaeger, Stefan and Karargyris, Alexandros and Candemir, Sema and Folio, Les and Siegelman, Jenifer and Callaghan, Fiona and Xue, Zhiyun and Palaniappan, Kannappan and Singh, Rahul K. and Antani, Sameer and Thoma, George and Wang, Yi-Xiang and Lu, Pu-Xuan and McDonald, Clement J.},
  journal={IEEE transactions on medical imaging},
  volume={33},
  number={2},
  pages={233--245},
  year={2013},
  publisher={IEEE}
}

@article{candemir2013lung,
  title={Lung segmentation in chest radiographs using anatomical atlases with nonrigid registration},
  author={Candemir, Sema and Jaeger, Stefan and Palaniappan, Kannappan and Musco, Jonathan P and Singh, Rahul K and Xue, Zhiyun and Karargyris, Alexandros and Antani, Sameer and Thoma, George and McDonald, Clement J},
  journal={IEEE transactions on medical imaging},
  volume={33},
  number={2},
  pages={577--590},
  year={2013},
  publisher={IEEE}
}

@inproceedings{liu2020rethinking,
  title={Rethinking computer-aided tuberculosis diagnosis},
  author={Liu, Yun and Wu, Yu-Huan and Ban, Yunfeng and Wang, Huifang and Cheng, Ming-Ming},
  booktitle={Proceedings of the IEEE/CVF conference on computer vision and pattern recognition},
  pages={2646--2655},
  year={2020}
}

@inproceedings{he2016deep,
  title={Deep residual learning for image recognition},
  author={He, Kaiming and Zhang, Xiangyu and Ren, Shaoqing and Sun, Jian},
  booktitle={Proceedings of the IEEE conference on computer vision and pattern recognition},
  pages={770--778},
  year={2016}
}

@inproceedings{huang2017densely,
  title={Densely connected convolutional networks},
  author={Huang, Gao and Liu, Zhuang and Van Der Maaten, Laurens and Weinberger, Kilian Q},
  booktitle={Proceedings of the IEEE conference on computer vision and pattern recognition},
  pages={4700--4708},
  year={2017}
}

@inproceedings{tan2021efficientnetv2,
  title={{EfficientNetV2}: smaller models and faster training},
  author={Tan, Mingxing and Le, Quoc},
  booktitle={International conference on machine learning},
  pages={10096--10106},
  year={2021},
  organization={PMLR}
}

@article{russakovsky2015imagenet,
  title={{ImageNet} large scale visual recognition challenge},
  author={Russakovsky, Olga and Deng, Jia and Su, Hao and Krause, Jonathan and Satheesh, Sanjeev and Ma, Sean and Huang, Zhiheng and Karpathy, Andrej and Khosla, Aditya and Bernstein, Michael and Berg, Alexander C. and Fei-Fei, Li},
  journal={International journal of computer vision},
  volume={115},
  pages={211--252},
  year={2015},
  publisher={Springer}
}

@inproceedings{rennie2005loss,
  title={Loss functions for preference levels: regression with discrete ordered labels},
  author={Rennie, Jason DM and Srebro, Nathan},
  booktitle={Proceedings of the IJCAI multidisciplinary workshop on advances in preference handling},
  year={2005},
  publisher={AAAI Press, Menlo Park, CA},
  volume={1}
}

@article{pizer1987adaptive,
  title={Adaptive histogram equalization and its variations},
  author={Pizer, Stephen M and Amburn, E Philip and Austin, John D and Cromartie, Robert and Geselowitz, Ari and Greer, Trey and ter Haar Romeny, Bart and Zimmerman, John B and Zuiderveld, Karel},
  journal={Computer vision, graphics, and image processing},
  volume={39},
  number={3},
  pages={355--368},
  year={1987},
  publisher={Elsevier}
}

@inproceedings{baccianella2009evaluation,
  title={Evaluation measures for ordinal regression},
  author={Baccianella, Stefano and Esuli, Andrea and Sebastiani, Fabrizio},
  booktitle={2009 Ninth international conference on intelligent systems design and applications},
  pages={283--287},
  year={2009},
  organization={IEEE}
}

@inproceedings{brodersen2010balanced,
  title={The balanced accuracy and its posterior distribution},
  author={Brodersen, Kay Henning and Ong, Cheng Soon and Stephan, Klaas Enno and Buhmann, Joachim M},
  booktitle={2010 20th international conference on pattern recognition},
  pages={3121--3124},
  year={2010},
  organization={IEEE}
}

@inproceedings{
loshchilov2018decoupled,
title={Decoupled weight decay regularization},
author={Ilya Loshchilov and Frank Hutter},
booktitle={International Conference on Learning Representations},
year={2019},
_url={https://openreview.net/forum?id=Bkg6RiCqY7},
}

@book{zwillinger1999crc,
  title={{CRC} standard probability and statistics tables and formulae},
  author={Zwillinger, Daniel and Kokoska, Stephen},
  year={2000},
  pagetotal={234},
  publisher={New York: Chapman \& Hall}
}

@article{thambawita2020extensive,
  title={An extensive study on cross-dataset bias and evaluation metrics interpretation for machine learning applied to gastrointestinal tract abnormality classification},
  author={Thambawita, Vajira and Jha, Debesh and Hammer, Hugo Lewi and Johansen, H{\aa}vard D and Johansen, Dag and Halvorsen, P{\aa}l and Riegler, Michael A},
  journal={ACM Transactions on Computing for Healthcare},
  volume={1},
  number={3},
  pages={1--29},
  year={2020},
  publisher={ACM New York, NY, USA}
}

@ARTICLE{7161338,
  author={Gutiérrez, Pedro Antonio and Pérez-Ortiz, María and Sánchez-Monedero, Javier and Fernández-Navarro, Francisco and Hervás-Martínez, César},
  journal={IEEE Transactions on Knowledge and Data Engineering},
  title={Ordinal regression methods: survey and experimental study},
  year={2016},
  volume={28},
  number={1},
  pages={127-146},
  publisher={IEEE}
}

@article{353a0d24-9c24-3a11-a330-afc86b9c39c8,
 author = {Christopher Winship and Robert D. Mare},
 journal = {American Sociological Review},
 number = {4},
 pages = {512--525},
 publisher = {American Sociological Association},
 title = {Regression models with ordinal variables},
 volume = {49},
 year = {1984}
}

@inproceedings{zeyu2022review,
  title={A review of deep learning-based detection methods for tuberculosis},
  author={Zeyu, Ding and Yaakob, Razali and Azman, Azreen},
  booktitle={2022 IEEE International Conference on Computing (ICOCO)},
  pages={68--73},
  year={2022},
  organization={IEEE}
}

@article{singh2022evolution,
  title={Evolution of machine learning in tuberculosis diagnosis: a review of deep learning-based medical applications},
  author={Singh, Manisha and Pujar, Gurubasavaraj Veeranna and Kumar, Sethu Arun and Bhagyalalitha, Meduri and Akshatha, Handattu Shankaranarayana and Abuhaija, Belal and Alsoud, Anas Ratib and Abualigah, Laith and Beeraka, Narasimha M and Gandomi, Amir H},
  journal={Electronics},
  volume={11},
  number={17},
  pages={2634},
  year={2022},
  publisher={MDPI}
}

@article{santosh2022advances,
  title={Advances in deep learning for tuberculosis screening using chest {X}-rays: the last 5 years review},
  author={Santosh, KC and Allu, Siva and Rajaraman, Sivaramakrishnan and Antani, Sameer},
  journal={Journal of Medical Systems},
  volume={46},
  number={11},
  pages={82},
  year={2022},
  publisher={Springer}
}







Tuberculosis 2
@article{chauhan2014role,
  title={Role of {Gist} and {PHOG} features in computer-aided diagnosis of tuberculosis without segmentation},
  author={Chauhan, Arun and Chauhan, Devesh and Rout, Chittaranjan},
  journal={PloS one},
  volume={9},
  number={11},
  pages={e112980},
  year={2014},
  publisher={Public Library of Science San Francisco, USA}
}

@inproceedings{
dosovitskiy2021an,
title={An image is worth 16x16 words: {Transformers} for image recognition at scale},
author={Alexey Dosovitskiy and Lucas Beyer and Alexander Kolesnikov and Dirk Weissenborn and Xiaohua Zhai and Thomas Unterthiner and Mostafa Dehghani and Matthias Minderer and Georg Heigold and Sylvain Gelly and Jakob Uszkoreit and Neil Houlsby},
booktitle={International Conference on Learning Representations},
year={2021},
_url={https://openreview.net/forum?id=YicbFdNTTy}
}

@article{xue2023cross,
  title={Cross dataset analysis of domain shift in {CXR} lung region detection},
  author={Xue, Zhiyun and Yang, Feng and Rajaraman, Sivaramakrishnan and Zamzmi, Ghada and Antani, Sameer},
  journal={Diagnostics},
  volume={13},
  number={6},
  pages={1068},
  year={2023},
  publisher={Multidisciplinary Digital Publishing Institute}
}

@article{larrazabal2020gender,
  title={Gender imbalance in medical imaging datasets produces biased classifiers for computer-aided diagnosis},
  author={Larrazabal, Agostina J and Nieto, Nicol{\'a}s and Peterson, Victoria and Milone, Diego H and Ferrante, Enzo},
  journal={Proceedings of the National Academy of Sciences},
  volume={117},
  number={23},
  pages={12592--12594},
  year={2020},
  publisher={National Acad Sciences}
}

@inproceedings{pooch2020can,
  title={Can we trust deep learning based diagnosis? {The} impact of domain shift in chest radiograph classification},
  author={Pooch, Eduardo HP and Ballester, Pedro and Barros, Rodrigo C},
  booktitle={Thoracic Image Analysis: Second International Workshop, TIA 2020},
  pages={74--83},
  year={2020},
  organization={Springer International Publishing}
}

@InProceedings{pooch2020can_,
	author={Pooch, Eduardo H. P.
	and Ballester, Pedro
	and Barros, Rodrigo C.},
	title={Can We Trust Deep Learning Based Diagnosis? {The} Impact of Domain Shift in Chest Radiograph Classification},
	booktitle={Thoracic Image Analysis},
	year={2020},
	publisher={Springer International Publishing},
	_address={Cham},
	pages={74--83},
}

@article{gaggion2022improving,
  title={Improving anatomical plausibility in medical image segmentation via hybrid graph neural networks: applications to chest {X}-ray analysis},
  author={Gaggion, Nicol{\'a}s and Mansilla, Lucas and Mosquera, Candelaria and Milone, Diego H and Ferrante, Enzo},
  journal={IEEE Transactions on Medical Imaging},
  year={2022},
  publisher={IEEE}
}

@article{wang2020ss,
  title={{SS-CAM}: {Smoothed} {Score-CAM} for sharper visual feature localization},
  author={Wang, Haofan and Naidu, Rakshit and Michael, Joy and Kundu, Soumya Snigdha},
  journal={arXiv preprint arXiv:2006.14255},
  year={2020}
}

@inproceedings{selvaraju2017grad,
  title={{Grad-CAM}: visual explanations from deep networks via gradient-based localization},
  author={Selvaraju, Ramprasaath R and Cogswell, Michael and Das, Abhishek and Vedantam, Ramakrishna and Parikh, Devi and Batra, Dhruv},
  booktitle={Proceedings of the IEEE international conference on computer vision},
  pages={618--626},
  year={2017}
}

@inproceedings{nasonov2015edge,
  title={Edge width estimation for defocus map from a single image},
  author={Nasonov, Andrey and Nasonova, Alexandra and Krylov, Andrey},
  booktitle={Advanced Concepts for Intelligent Vision Systems},
  pages={15--22},
  year={2015},
  organization={Springer}
}

@article{lee2023identification,
  title={Identification of individual {Hanwoo} cattle by muzzle pattern images through deep learning},
  author={Lee, Taejun and Na, Youngjun and Kim, Beob Gyun and Lee, Sangrak and Choi, Yongjun},
  journal={Animals},
  volume={13},
  number={18},
  pages={2856},
  year={2023},
  publisher={MDPI}
}

@article{ramzan2020deep,
  title={A deep learning approach for automated diagnosis and multi-class classification of {Alzheimer’s} disease stages using resting-state {fMRI} and residual neural networks},
  author={Ramzan, Farheen and Khan, Muhammad Usman Ghani and Rehmat, Asim and Iqbal, Sajid and Saba, Tanzila and Rehman, Amjad and Mehmood, Zahid},
  journal={Journal of Medical Systems},
  volume={44},
  pages={37},
  year={2020},
  publisher={Springer}
}